<?xml version="1.0" encoding="UTF-8"?><collection xmlns="http://www.loc.gov/MARC21/slim"><record><leader>00365nam--2200145-i-4500</leader><controlfield tag="001">000046242</controlfield><controlfield tag="002">20161230</controlfield><controlfield tag="005">20170113001447</controlfield><controlfield tag="008">060222s1000------------r-----000-0-eng-d</controlfield><datafield ind1=" " ind2=" " tag="100"><subfield code="a">Untermeyer, Louis</subfield></datafield><datafield ind1=" " ind2=" " tag="245"><subfield code="a">Makers of the modern world</subfield></datafield><datafield ind1=" " ind2=" " tag="260"><subfield code="a">New York</subfield><subfield code="b">Simon And Schuster</subfield><subfield code="c">1955</subfield></datafield><datafield ind1=" " ind2=" " tag="300"><subfield code="a">XIX + 809 p</subfield></datafield><datafield ind1=" " ind2=" " tag="852"><subfield code="a">20046</subfield></datafield><datafield ind1=" " ind2=" " tag="CAT"><subfield code="a">SYS</subfield><subfield code="c">20170113</subfield><subfield code="h">001447</subfield></datafield></record></collection>